<?xml version="1.0" encoding="UTF-8"?><collection xmlns="http://www.loc.gov/MARC21/slim"><record><leader>00378nam--2200121-i-4500</leader><controlfield tag="001">000024438</controlfield><controlfield tag="002">20161230</controlfield><controlfield tag="005">20161230201035</controlfield><controlfield tag="008">060222s1000------------r-----000-0-eng-d</controlfield><datafield ind1=" " ind2=" " tag="080"><subfield code="a">061(083.83)</subfield></datafield><datafield ind1=" " ind2=" " tag="245"><subfield code="a">Indexul lucrarilor stiintifice publicate in periodicele si culegerile editate de academia r.p.romane. 1948-1954</subfield></datafield><datafield ind1=" " ind2=" " tag="260"><subfield code="a">Bucuresti, Ed.Acad.Rpr.,1957. 590p</subfield></datafield><datafield ind1=" " ind2=" " tag="852"><subfield code="a">76401</subfield></datafield></record></collection>